@techreport{RQuagliani,
  author      = {Renato Quagliani},
  institution = {LHCb Collaboration},
  title       = {Measurements of $R_K$ and $R_{K^*}$ with the full LHCb Run 1 and 2 data},
  year        = {2022},
  month       = {December},
  day         = {20},
}
@article{LHCb:2022vje,
    author = "Aaij, R. and others",
    collaboration = "LHCb",
    title = "{Measurement of lepton universality parameters in $B^+\to K^+\ell^+\ell^-$ and $B^0\to K^{*0}\ell^+\ell^-$ decays}",
    eprint = "2212.09153",
    archivePrefix = "arXiv",
    primaryClass = "hep-ex",
    reportNumber = "LHCb-PAPER-2022-045, CERN-EP-2022-278",
    doi = "10.1103/PhysRevD.108.032002",
    journal = "Phys. Rev. D",
    volume = "108",
    number = "3",
    pages = "032002",
    year = "2023"
}
@article{LHCb:2022qnv,
    author = "Aaij, R. and others",
    collaboration = "LHCb",
    title = "{Test of lepton universality in $b \rightarrow s \ell^+ \ell^-$ decays}",
    eprint = "2212.09152",
    archivePrefix = "arXiv",
    primaryClass = "hep-ex",
    reportNumber = "LHCb-PAPER-2022-046, CERN-EP-2022-277",
    doi = "10.1103/PhysRevLett.131.051803",
    journal = "Phys. Rev. Lett.",
    volume = "131",
    number = "5",
    pages = "051803",
    year = "2023"
}