% So sieht der Biblatex Eintag für eine Abschlussarbeit aus:
@thesis{ma-sebastian,
author = {Müller, Sebastian},
title = {Clear Sight in Cherenkov-Astronomy},
subtitle = {Investigations of Reflector Geometry and Mirror Alignment for the FACT-Telescope},
year = {2014},
type = {Masterarbeit},
school = {TU Dortmund}
}

% ein Lehrbuch:
@book{kuypers,
    author = {Kuypers, Friedhelm},
    title = {Klassische Mechanik},
    year = {2010},
    publisher = {Wiley-VCH},
    series = {9. Auflage}
}

@BOOK{handbook_adhesives,
  editor =       {Satas, D.},
  TITLE =        {Handbook of pressure sensitive adhesive technology},
  PUBLISHER =    {Van Nostrand Reinhold},
  YEAR =         {1989},
  address =      {New York},
  edition =      {2nd},
}


% Ein in einem Journal veröffentlichter Artikel (Paper):
@article{pdg,
      author         = "Beringer, J. and others",
      title          = "{Review of Particle Physics (RPP)}",
      collaboration  = "Particle Data Group",
      journal        = "Phys.Rev.",
      volume         = "D86",
      pages          = "010001",
      doi            = "10.1103/PhysRevD.86.010001",
      year           = "2012",
      SLACcitation   = "%%CITATION = PHRVA,D86,010001;%%",
}

@ARTICLE{einstein,
  author = {Einstein, A.},
  title = {A Generalization of the relativistic theory of Gravitation},
  journal = {Annals of Mathematics},
  year = {1945},
  volume = {46},
  pages = {578-584},
  number = {4}
  }

% eine Internet Quelle
@MANUAL{siunitx,
    title   = {siunitx - A comprehensive (SI) units package},
    url = {http://mirror.selfnet.de/tex-archive/macros/latex/contrib/siunitx/siunitx.pdf},
    date = {2013},
    author = {Wright, Joseph}
}
@MANUAL{koma,
    title   = {KOMA -Script},
    subtitle = {ein wandelbares LaTeX-Paket},
    url = {http://mirror.selfnet.de/tex-archive/macros/latex/contrib/koma-script/doc/scrguide.pdf},
    date = {2013},
    author = {Kohm, Markus and Morawski, Jens-Uwe}
}
@MANUAL{biblatex,
    title   = {The Biblatex Package},
    subtitle = {Programmable Bibliographies and Citations},
    url = {ftp://ftp.fu-berlin.de/tex/CTAN/macros/latex/contrib/biblatex/doc/biblatex.pdf},
    date = {2014},
    author = {Lehman, Philipp and others}
}
@ELECTRONIC{make,
    title   = {Gnu-Make Homepage},
    url = {http://www.gnu.org/software/make/},
    date = {2014},
}
@ELECTRONIC{toolbox,
    title   = {Pep et al.\ Toolbox -- \LaTeX-Folien},
    url = {http://toolbox.pep-dortmund.org/files/archive/2014/latex.pdf},
    date = {2014},
}
@ELECTRONIC{gitbash,
    title   = {Git Bash - Download},
    url = {http://msysgit.github.io/},
    date = {2014},
}
@ELECTRONIC{pleser,
    title   = {Modern Packages for LaTeX},
    url = {http://philippleser.de/physics/latex},
    date = {2014},
    author = {Leser, Philipp},
}
@MANUAL{l2tabu,
    title   = {Das LATEX2ε-Sündenregister},
    author = {Ensenbach, Marc and Trettin, Mark},
    url = {ftp://ftp.mpi-sb.mpg.de/pub/tex/mirror/ftp.dante.de/pub/tex/info/l2tabu/german/l2tabu.pdf},
    date = {2011},
}
@ELECTRONIC{texmaker,
    title   = {Texmaker},
    subtitle =  {The universal LaTeX editor, Downloads},
    url = {http://www.xm1math.net/texmaker/download.html},
    date = {2014},
}
@unpublished{Ward:2665175,
    author        = "Ward, Emma",
    title         = "{Key Particle Discoveries Timeline}",
    year          = "2019",
    url           = "https://cds.cern.ch/record/2665175",
    note          = "General Photo",
}
@article{PhysRev.104.254,
  title = {Question of Parity Conservation in Weak Interactions},
  author = {Lee, T. D. and Yang, C. N.},
  journal = {Phys. Rev.},
  volume = {104},
  issue = {1},
  pages = {254--258},
  numpages = {0},
  year = {1956},
  publisher = {American Physical Society},
  doi = {10.1103/PhysRev.104.254},
  url = {https://link.aps.org/doi/10.1103/PhysRev.104.254},
}
@article{AHF,
    title = {Chien-Shiung Wu},
    author = {Ronald K. Smeltzer},
    year = "2022",
    url = "https://ahf.nuclearmuseum.org/ahf/profile/chien-shiung-wu/",
    publisher = {Atomic Heritage Foundation},
}
@article{NIST,
    title = {The Reversal of Parity Law in Nuclear Physics},
    year = {2023},
    url = "https://www.nist.gov/pml/fall-parity/reversal-parity-law-nuclear-physics",
    publisher = {National Institute of Standards and Technology},
}
@article{Wu:2008zzm,
    author = "Wu, Chien-Shiung",
    title = "{The discovery of the parity violation in weak interactions and its recent developments}",
    doi = "10.1007/978-4-431-77056-5_4",
    journal = "Lect. Notes Phys.",
    volume = "746",
    pages = "43--70",
    year = "2008",
}
@article{PhysRev.105.1413,
  title = {Experimental Test of Parity Conservation in Beta Decay},
  author = {Wu, C. S. and Ambler, E. and Hayward, R. W. and Hoppes, D. D. and Hudson, R. P.},
  journal = {Phys. Rev.},
  volume = {105},
  issue = {4},
  pages = {1413--1415},
  numpages = {0},
  year = {1957},
  publisher = {American Physical Society},
  doi = {10.1103/PhysRev.105.1413},
  url = {https://link.aps.org/doi/10.1103/PhysRev.105.1413},
}
@article{CHIROVSKY1980127,
    title = {Directional distributions of beta-rays emitted from polarized 60Co nuclei},
    journal = {Physics Letters B},
    volume = {94},
    number = {2},
    pages = {127-130},
    year = {1980},
    issn = {0370-2693},
    doi = {https://doi.org/10.1016/0370-2693(80)90840-0},
    url = {https://www.sciencedirect.com/science/article/pii/0370269380908400},
    author = {L.M. Chirovsky and W.P. Lee and A.M. Sabbas and J.L. Groves and C.S. Wu},
}
@article{AntiSymmetryLHC,
    title = {Largest matti-antimatter asymmetry observed},
    author = {Piotr Tracyzk},
    year = "2022",
    url = {https://home.cern/news/news/physics/largest-matter-antimatter-asymmetry-observed},
}
@article{DesyGluon,
    title = {The discovery of the gluon - a journey back in time to the 70s},
    publisher = {contentDeutsches Elektronen-Synchrotron DESY},
    year = "2020",
    url = {https://www.desy.de/news/backgrounders/40_years_of_gluon/index_eng.html},
}
@article{Gaillard1998ui,
    author = "Gaillard, Mary K. and Grannis, Paul D. and Sciulli, Frank J.",
    title = "{The Standard model of particle physics}",
    eprint = "hep-ph/9812285",
    archivePrefix = "arXiv",
    reportNumber = "SUNY-SB-PHYS-98-007",
    doi = "10.1103/RevModPhys.71.S96",
    journal = "Rev. Mod. Phys.",
    volume = "71",
    pages = "S96--S111",
    year = "1999",
}
@book{CaseStudies,
    author = {Laymon, Ronald and Franklin Allan},
    title = {Case Studies in Experimental Physics},
    subtitle = {Why Scientists Pursue Investigation},
    year = {2022},
    edition = {1st},
    doi = {https://doi.org/10.1007/978-3-031-12608-6},
    publisher = {Springer Cham},
}
@article{PhysRev.105.1671,
  title = {Parity Nonconservation and a Two-Component Theory of the Neutrino},
  author = {Lee, T. D. and Yang, C. N.},
  journal = {Phys. Rev.},
  volume = {105},
  issue = {5},
  pages = {1671--1675},
  numpages = {0},
  year = {1957},
  publisher = {American Physical Society},
  doi = {10.1103/PhysRev.105.1671},
  url = {https://link.aps.org/doi/10.1103/PhysRev.105.1671}
}
@article{TudorJenkins_2005,
    doi = {10.1088/0031-9120/40/5/002},
    url = {https://dx.doi.org/10.1088/0031-9120/40/5/002},
    year = {2005},
    month = {sep},
    publisher = {},
    volume = {40},
    number = {5},
    pages = {430},
    author = {Tudor Jenkins},
    title = {A brief history of ... semiconductors},
    journal = {Physics Education},
}
@book{KolanoskiWermes,
    author = {Kolanoski, Hermann and Wermes, Norbert},
    title = "{Particle Detectors: Fundamentals and Applications}",
    publisher = {Oxford University Press},
    year = {2020},
    month = {06},
    isbn = {9780198858362},
    doi = {10.1093/oso/9780198858362.001.0001},
}
@inbook{GrossMarx+2022+1047+1050,
    url = {https://doi.org/10.1515/9783110782394-025},
    title = {Literatur},
    booktitle = {Festkörperphysik},
    author = {Rudolf Gross and Achim Marx},
    publisher = {De Gruyter Oldenbourg},
    address = {Berlin, Boston},
    pages = {1047--1050},
    doi = {doi:10.1515/9783110782394-025},
    isbn = {9783110782394},
    year = {2022},
}
@unpublished{Tom,
    author = {Tom Troska},
    title = {Semiconductor detectors},
    subtitle = {Seminarvortrag: Schlüsselexperimente in der Teilchenphysik},
    day = {1},
    month = {12},
    date = {2023},
}
@unpublished{Venker,
    author = {David Venker},
    title = {The discovery of the gluon},
    subtitle = {Lecture on the seminar key experiments in particle physics},
    day = {10},
    monthe = {11},
    date = {2023},
}
@Inbook{Fritzsch2018,
    author="Fritzsch, Harald",
    title="Introduction to Quark Model",
    bookTitle="Murray Gell-Mann and the Physics of Quarks",
    year="2018",
    publisher="Springer International Publishing",
    address="Cham",
    pages="43--48",
    isbn="978-3-319-92195-2",
    doi="10.1007/978-3-319-92195-2_4",
    url="https://doi.org/10.1007/978-3-319-92195-2_4"
}
@inproceedings{Soding:1996zk,
    author = "Soding, P. and Wiik, B. and Wolf, G. and Wu, S. L.",
    title = "{The First evidence for three jet events in e+ e- collisions at PETRA: First direct observation of the gluon}",
    booktitle = "{International Europhysics Conference on High-energy Physics (HEP 95)}",
    reportNumber = "DESY-96-193",
    pages = "3--14",
    month = "9",
    year = "1996"
}
@article{TASSO:1979xej,
    author = "Wolf, G. and others",
    editor = "Kirk, T. B. W. and Abarbanel, H. D. I.",
    collaboration = "TASSO",
    title = "{TASSO RESULTS ON e+ e- ANNIHILATION BETWEEN 13-GeV AND 31.6-GeV AND EVIDENCE FOR THREE JET EVENTS}",
    reportNumber = "DESY-79-61",
    journal = "eConf",
    volume = "C790823",
    pages = "34",
    year = "1979"
}
@article{Branson:1994eu,
    author = "Branson, James G.",
    editor = "Newman, Harvey B. and Ypsilantis, Thomas",
    title = "{Gluon Jets}",
    reportNumber = "UCSD-PTH-9509, CALT-68-2003",
    doi = "10.1007/978-1-4613-1147-8_8",
    journal = "NATO Sci. Ser. B",
    volume = "352",
    pages = "101--121",
    year = "1996"
}
@book{Gato-Rivera,
    title = {Antimatter},
    subtitle = {What It Is and Why It's Important in Physics and Everyday Life},
    author = {Beatriz Gato-Rivera},
    doi = {https://doi.org/10.1007/978-3-030-67791-6},
    pub = {Springer Cham},
    edition = {1},
    year = {2021},
}
@online{MightyPix,
    title = {MightyPix: A HV-CMOS Pixel Chip for LHCb's Mighty Tracker},
    author = {Leys, Richard and Peric and Scherl. Sigrid and Striebig, Nicolas},
    publisher = {Karlsruhe Institute of Technology},
    year = {2023},
    url = {https://indico.cern.ch/event/1223972/contributions/5262041/attachments/2602200/4493474/MightyPix_SigridScherl.pdf}
}
@article{CMS:2013vbb,
    author = "Chatrchyan, Serguei and others",
    collaboration = "CMS",
    title = "{Measurement of the Ratio of the Inclusive 3-Jet Cross Section to the Inclusive 2-Jet Cross Section in pp Collisions at $\sqrt{s}$ = 7 TeV and First Determination of the Strong Coupling Constant in the TeV Range}",
    eprint = "1304.7498",
    archivePrefix = "arXiv",
    primaryClass = "hep-ex",
    reportNumber = "CMS-QCD-11-003, CERN-PH-EP-2013-057",
    doi = "10.1140/epjc/s10052-013-2604-6",
    journal = "Eur. Phys. J. C",
    volume = "73",
    number = "10",
    pages = "2604",
    year = "2013"
}
@unpublished{Kpopp,
    title = {Oscillation of neutral B mesons},
    day = {14},
    month = {12},
    year = {2023},
    author = {Katharina Popp},
}
@article{PhysRev.97.1387,
title = {Behavior of Neutral Particles under Charge Conjugation},
author = {Gell-Mann, M. and Pais, A.},
journal = {Phys. Rev.},
volume = {97},
issue = {5},
pages = {1387--1389},
numpages = {0},
year = {1955},
month = {Mar},
publisher = {American Physical Society},
doi = {10.1103/PhysRev.97.1387},
url = {https://link.aps.org/doi/10.1103/PhysRev.97.1387}
}
@article{10.1143/PTP.49.652,
    author = {Kobayashi, Makoto and Maskawa, Toshihide},
    title = "{CP-Violation in the Renormalizable Theory of Weak Interaction}",
    journal = {Progress of Theoretical Physics},
    volume = {49},
    number = {2},
    pages = {652-657},
    year = {1973},
    month = {02},
    abstract = "{In a framework of the renormalizable theory of weak interaction, problems of CP-violation are studied. It is concluded that no realistic models of CP-violation exist in the quartet scheme without introducing any other new fields. Some possible models of CP-violation are also discussed.}",
    issn = {0033-068X},
    doi = {10.1143/PTP.49.652},
    url = {https://doi.org/10.1143/PTP.49.652},
    eprint = {https://academic.oup.com/ptp/article-pdf/49/2/652/5257692/49-2-652.pdf},
}
@misc{artuso2019cp,
    title={CP Violation in the $B_s^0$ system}, 
    author={Marina Artuso and Guennadi Borissov and Alexander Lenz},
    year={2019},
    eprint={1511.09466},
    archivePrefix={arXiv},
    primaryClass={hep-ph}
}
@article{ALBRECHT1987245,
title = {Observation of B0-B0 mixing},
journal = {Physics Letters B},
volume = {192},
number = {1},
pages = {245-252},
year = {1987},
issn = {0370-2693},
doi = {https://doi.org/10.1016/0370-2693(87)91177-4},
url = {https://www.sciencedirect.com/science/article/pii/0370269387911774},
author = {H. Albrecht and A.A. Andam and U. Binder and P. Böckmann and R. Gläser and G. Harder and A. Nippe and M. Schäfer and W. Schmidt-Parzefall and H. Schröder and H.D. Schulz and R. Wurth and A. Yagil and J.P. Donker and A. Drescher and D. Kamp and H. Kolanoski and U. Matthiesen and H. Scheck and B. Spaan and J. Spengler and D. Wegener and C. Ehmann and J.C. Gabriel and T. Ruf and K.R. Schubert and J. Stiewe and K. Strahl and R. Waldi and S. Weseler and K.W. Edwards and W.R. Frisken and D.J. Gilkinson and D.M. Gingrich and H. Kapitza and P.C.H. Kim and R. Kutschke and D.B. Macfarlane and J.A. McKenna and K.W. McLean and A.W. Nilsson and R.S. Orr and P. Padley and J.A. Parsons and P.M. Patel and J.D. Prentice and H.C.J. Seywerd and J.D. Swain and G. Tsipolitis and T.-S. Yoon and J.C. Yun and R. Ammar and D. Coppage and R. Davis and S. Kanekal and N. Kwak and B. Bos̆tjanc̆ic̆ and G. Kernel and M. Ples̆ko and L. Jönsson and A. Babaev and M. Danilov and B. Fominykh and A. Golutvin and I. Gorelov and V. Lubimov and V. Matveev and V. Nagovitsin and V. Ryltsov and A. Semenov and V. Shevchenko and V. Soloshenko and V. Tchistilin and I. Tichomirov and Yu. Zaitsev and R. Childers and C.W. Darden and Y. Oku and H. Gennow},
abstract = {Using the ARGUS detector at the DORIS II storage ring we have searched in three different ways for B0-B0 mixing in ϒ (4S) decays. One explicitly mixed event, a decay ϒ (4S)→B0B0, has been completely reconstructed. Furthermore, we observe a 4.0 standard deviation signal of 24.8 events with like-sign lepton pairs and a 3.0 standard deviation signal of 4.1 events containing one reconstructed B0(B0) and an additional fast ℓ+(ℓ)−. This leads to the conclusion that B0-B0 mixing is substantial. For the mixing parameter we obtain r=0.21±0.08.}
}
@article{PhysRevLett.58.183,
  title = {Limits on ${B}^{0}$B${\ifmmode\bar\else\textasciimacron\fi{}}^{0}$ mixing and $\&$},
  author = {Bean, A. and Bobbink, G. J. and Brock, I. C. and Engler, A. and Ferguson, T. and Kraemer, R. W. and Rippich, C. and Vogel, H. and Bebek, C. and Berkelman, K. and Blucher, E. and Cassel, D. G. and Copie, T. and DeSalvo, R. and DeWire, J. W. and Ehrlich, R. and Galik, R. S. and Gilchriese, M. G. D. and Gittelman, B. and Gray, S. W. and Halling, A. M. and Hartill, D. L. and Heltsley, B. K. and Holzner, S. and Ito, M. and Kandaswamy, J. and Kowalewski, R. and Kreinick, D. L. and Kubota, Y. and Mistry, N. B. and Mueller, J. and Namjoshi, R. and Nordberg, E. and Ogg, M. and Perticone, D. and Peterson, D. and Pisharody, M. and Read, K. and Riley, D. and Silverman, A. and Stone, S. and Yi, Xia and Sadoff, A. J. and Avery, P. and Besson, D. and Bowcock, T. and Giles, R. T. and Hassard, J. and Kinoshita, K. and Pipkin, F. M. and Wilson, Richard and Wolinski, J. and Xiao, D. and Gentile, T. and Haas, P. and Hempstead, M. and Jensen, T. and Kagan, H. and Kass, R. and Behrends, S. and Guida, Jan M. and Guida, Joan A. and Morrow, F. and Poling, R. and Thorndike, E. H. and Tipton, P. and Alam, M. S. and Katayama, N. and Kim, I. J. and Sun, C. R. and Tanikella, V. and Bortoletto, D. and Chen, A. and Garren, L. and Goldberg, M. and Holmes, R. and Horwitz, N. and Jawahery, A. and Lubrano, P. and Moneti, G. C. and Sharma, V. and Thoma, P. and Csorna, S. E. and Mestayer, M. D. and Panvini, R. S. and Word, G. B.},
  journal = {Phys. Rev. Lett.},
  volume = {58},
  issue = {3},
  pages = {183--186},
  numpages = {0},
  year = {1987},
  month = {Jan},
  publisher = {American Physical Society},
  doi = {10.1103/PhysRevLett.58.183},
  url = {https://link.aps.org/doi/10.1103/PhysRevLett.58.183}
}
@article{SCHAAD1985188,
title = {Upper limit on B0B0 mixing in e+e− annihilation at 29 GeV},
journal = {Physics Letters B},
volume = {160},
number = {1},
pages = {188-192},
year = {1985},
issn = {0370-2693},
doi = {https://doi.org/10.1016/0370-2693(85)91490-X},
url = {https://www.sciencedirect.com/science/article/pii/037026938591490X},
author = {T. Schaad and M.E. Nelson and G. Abrams and D. Amidei and A.R. Baden and T. Barklow and A.M. Boyarski and J. Boyer and M. Breidenbach and P.R. Burchat and D.L. Burke and F. Butler and J.M. Dorfan and G.J. Feldman and G. Gidal and L. Gladney and M.S. Gold and G. Goldhaber and L. Golding and J. Haggerty and G. Hanson and K. Hayes and D. Herrup and R.J. Hollebeek and W.R. Innes and J.A. Jaros and I. Juricic and J.A. Kadyk and D. Karlen and S.R. Klein and A.J. Lankford and R.R. Larsen and B.W. Leclaire and M. Levi and N.S. Lockyer and V. Lüth and C. Matteuzi and R.A. Ong and M.L. Perl and B. Richter and K. Riles and M.C. Ross and P.C. Rowson and H. Schellman and W.B. Schmidke and R. Schwitters and P.D. Sheldon and G.H. trilling and C. {De La Vaissiere} and D.R. Wood and J.M. Yelton and C. Zaiser}
}
@article{ALBAJAR1987247,
title = {Search for B0−B¯0 oscillations at the CERN proton-antiproton collider},
journal = {Physics Letters B},
volume = {186},
number = {2},
pages = {247-254},
year = {1987},
issn = {0370-2693},
doi = {https://doi.org/10.1016/0370-2693(87)90288-7},
url = {https://www.sciencedirect.com/science/article/pii/0370269387902887},
author = {C. Albajar and M.G. Albrow and O.C. Allkofer and G. Arnison and A. Astbury and B. Aubert and T. Axon and C. Bacci and T. Bacon and N. Bains and J.R. Batley and G. Bauer and S. Beingessner and J. Bellinger and A. Bettini and A. Bezaguet and K. Bos and E. Buckley and G. Bunce and G. Busetto and P. Catz and P. Cennini and S. Centro and F. Ceradini and D.G. Charlton and G. Ciapetti and S. Cittolin and D. Clarke and D. Cline and C. Cochet and J. Colas and P. Colas and M. Corden and J.A. Coughlan and G. Cox and D. Dau and M. Debeer and J.P. Debrion and M. Degiorgi and M. {Della Negra} and M. Demoulin and B. Denby and D. Denegri and A. Diciaccio and L. Dobrzynski and J. Dorenbosch and J.D. Dowell and E. Duchovni and R. Edgecock and K. Eggert and E. Eisenhandler and N. Ellis and P. Erhard and H. Faissner and I.F. Fensome and M. Fincke-Keeler and P. Flynn and G. Fontaine and R. Frey and R. Fruhwirth and L. Gately and J. Garvey and D. Gee and S. Geer and A. Geiser and C. Ghesquiere and P. Ghez and F. Ghio and P. Giacomelli and W.R. Gibson and Y. Giraud-Heraud and A. Givernaud and A. Gonidec and H. Grassmann and G. Grayer and W. Haynes and S.J. Haywood and H. Hoffmann and D.J. Holthuizen and R.J. Homer and A. Honma and M. Ikeda and W. Jank and M. Jimack and G. Jorat and P.I.P. Kalmus and V. Karimäki and R. Keeler and I. Kenyon and A. Kernan and A. Khan and W. Kienzle and R. Kinnunen and M. Krammer and J. Kroll and D. Kryn and P. Kyberd and F. Lacava and J.P. Laugier and J.P. Lees and R. Leuchs and S. Levegrun and S. Li and D. Linglin and E. Locci and K. Long and T. Markiewicz and C. Markou and M. Markytan and G. Maurin and J.-P. Mendiburu and A. Meneguzzo and J.P. Merlo and T. Meyer and M.-N. Minard and M. Mohammadi and K. Morgan and M. Moricca and H.-G. Moser and B. Mours and Th. Muller and A. Nandi and L. Naumann and P. Nedelec and A. Norton and D. Pascoli and F. Pauss and C. Perault and P. Petta and E. Petrolo and G. {Piano Mortari} and E. Pietarinen and C. Pigot and M. Pimiä and D. Pitman and A. Placci and J.-P. Porte and E. Radermacher and T. Redelberger and H. Reithler and J.-P. Revol and J. Richman and D. Robinson and J. Rohlf and P. Rossi and C. Rubbia and W. Ruhm and G. Sajot and G. Salvini and J. Sass and D. Samyn and A. Savoy-Navarro and D. Schinzel and A. Schwartz and W. Scott and C. Seez and T.P. Shah and I. Sheer and I. Siotis and D. Smith and R. Sobie and P. Sphicas and J. Strauss and J. Streets and C. Stubenrauch and D. Summers and K. Sumorok and F. Szoncso and C. Tao and A. Taurok and I. {Ten Have} and S. Tether and G. Thompson and E. Tscheslog and J. Tuominiemi and B. {Van Eijk} and J.P. Vialle and L. Villasenor and T.S. Virdee and H. {Von Der Schmitt} and W. {Von Schlippe} and J. Vrana and V. Vuillemin and K. Wacker and H.D. Wahl and P. Watkins and A. Wildish and J. Wilson and I. Wingerter and S.J. Wimpenny and X. Wu and C.-E. Wulz and T. Wyatt and M. Yvert and C. Zaccardelli and I. Zacharov and N. Zaganidis and L. Zanello and P. Zotto},
}
@article{1993498,
title = {Observation of the time dependence of B0d−B0d mixing},
journal = {Physics Letters B},
volume = {313},
number = {3},
pages = {498-508},
year = {1993},
issn = {0370-2693},
doi = {https://doi.org/10.1016/0370-2693(93)90025-D},
url = {https://www.sciencedirect.com/science/article/pii/037026939390025D},
author = {D. Buskulic and I. {De Bonis} and D. Decamp and P. Ghez and C. Goy and J.-P. Lees and M.-N. Minard and B. Pietrzyk and F. Ariztizabal and P. Comas and J.M. Crespo and M. Delfino and I. Efthymiopoulos and E. Fernandez and M. Fernandez-Bosman and V. Gaitan and Ll. Garrido and T. Mattison and A. Pacheco and C. Padilla and A. Pascual and D. Creanza and M. {de Palma} and A. Farilla and G. Iaselli and G. Maggi and S. Natali and S. Nuzzo and M. Quattromini and A. Ranieri and G. Raso and F. Romano and F. Ruggieri and G. Selvaggi and L. Silvestris and P. Tempesta and G. Zito and Y. Chai and H. Hu and D. Huang and X. Huang and J. Lin and T. Wang and Y. Xie and D. Xu and R. Xu and J. Zhang and L. Zhang and W. Zhao and E. Blucher and G. Bonvicini and J. Boudreau and D. Casper and H. Drevermann and R.W. Forty and G. Ganis and C. Gay and R. Hagelberg and J. Harvey and J. Hilgart and R. Jacobsen and B. Jost and J. Knobloch and I. Lehraus and T. Lohse and M. Maggi and C. Markou and M. Martinez and P. Mato and H. Meinhard and A. Minten and A. Miotto and R. Miquel and H.-G. Moser and P. Palazzi and J.R. Pater and J.A. Perlas and J.-F. Pusztaszeri and F. Ranjard and G. Redlinger and L. Rolandi and J. Rothberg and T. Ruan and M. Saich and D. Schlatter and M. Schmelling and F. Sefkow and W. Tejessy and I.R. Tomalin and R. Veenhof and H. Wachsmuth and S. Wasserbaech and W. Wiedenmann and T. Wildish and W. Witzeling and J. Wotschack and Z. Ajaltouni and F. Badaud and M. Bardadin-Otwinowska and R. {El Fellous} and A. Falvard and P. Gay and C. Guicheney and P. Henrard and J. Jousset and B. Michel and J.-C. Montret and D. Pallin and P. Perret and F. Podlyski and J. Proriol and F. Prulhière and F. Saadi and T. Fearnley and J.B. Hansen and J.D. Hansen and J.R. Hansen and P.H. Hansen and R. Møllerud and B.S. Nilsson and A. Kyriakis and E. Simopoulou and I. Siotis and A. Vayaki and K. Zachariadou and J. Badier and A. Blondel and G. Bonneaud and J.C. Brient and G. Fouque and S. Orteu and A. Rougé and M. Rumpf and R. Tanaka and M. Verderi and H. Videau and D.J. Candlin and M.I. Parsons and E. Veitch and E. Focardi and L. Moneta and G. Parrini and M. Corden and C. Georgiopoulos and M. Ikeda and D. Levinthal and A. Antonelli and R. Baldini and G. Bencivenni and G. Bologna and F. Bossi and P. Campana and G. Capon and F. Cerutti and V. Chiarella and B. D'Ettorre-Piazzoli and G. Felici and P. Laurelli and G. Mannocchi and F. Murtas and G.P. Murtas and L. Passalacqua and M. Pepe-Altarelli and P. Picchi and P. Colrain and I. {ten Have} and J.G. Lynch and W. Maitland and W.T. Morton and C. Raine and P. Reeves and J.M. Scarr and K. Smith and M.G. Smith and A.S. Thompson and R.M. Turnbull and B. Brandl and O. Braun and C. Geweniger and P. Hanke and V. Hepp and E.E. Kluge and Y. Maumary and A. Putzer and B. Rensch and A. Stahl and K. Tittel and M. Wunsch and R. Beuselinck and D.M. Binnie and W. Cameron and M. Cattaneo and D.J. Colling and P.J. Dornan and A.M. Greene and J.F. Hassard and N.M. Lieske and A. Moutoussi and J. Nash and S. Patton and D.G. Payne and M.J. Phillips and G. {San Martin} and J.K. Sedgbeer and A.G. Wright and P. Girtler and D. Kuhn and G. Rudolph and R. Vogl and C.K. Bowdery and T.J. Brodbeck and A.J. Finch and F. Foster and G. Hughes and D. Jackson and N.R. Keemer and M. Nuttall and A. Patel and T. Sloan and S.W. Snow and E.P. Whelan and K. Kleinknecht and J. Raab and B. Renk and H.-G. Sander and H. Schmidt and F. Steeg and S.M. Walther and R. Wanke and B. Wolf and A.M. Bencheikh and C. Benchouk and A. Bonissent and J. Carr and P. Coyle and J. Drinkard and F. Etienne and D. Nicod and S. Papalexiou and P. Payre and L. Roos and D. Rousseau and P. Schwemling and M. Talby and S. Adlung and R. Assmann and C. Bauer and W. Blum and D. Brown and P. Cattaneo and B. Dehning and H. Dietl and F. Dydak and M. Frank and A.W. Halley and K. Jakobs and J. Lauber and G. Lütjens and G. Lutz and W. Männer and R. Richter and J. Schröder and A.S. Schwarz and R. Settles and H. Seywerd and U. Stierlin and U. Stiegler and R.St. Denis and G. Wolf and R. Alemany and J. Boucrot and O. Callot and A. Cordier and M. Davier and L. Duflot and J.-F. Grivaz and Ph. Heusse and D.E. Jaffe and P. Janot and D.W. Kim and F. {Le Diberder} and J. Lefrançois and A.-M. Lutz and M.-H. Schune and J.-J. Veillet and I. Videau and Z. Zhang and D. Abbaneo and G. Bagliesi and G. Batignani and U. Bottigli and C. Bozzi and G. Calderini and M. Carpinelli and M.A. Ciocci and V. Ciulli and R. Dell'Orso and I. Ferrante and F. Fidecaro and L. Foà and F. Forti and A. Giassi and M.A. Giorgi and A. Gregorio and F. Ligabue and A. Lusiani and E.B. Mannelli and P.S. Marrocchesi and A. Messineo and F. Palla and G. Rizzo and G. Sanguinetti and P. Spagnolo and J. Steinberger and R. Tenchini and G. Tonelli and G. Triggiani and A. Valassi and C. Vannini and A. Venturi and P.G. Verdini and J. Walsh and A.P. Betteridge and Y. Gao and M.G. Green and P.V. March and Ll.M. Mir and T. Medcalf and I.S. Quazi and J.A. Strong and L.R. West and D.R. Botterill and R.W. Clifft and T.R. Edgecock and S. Haywood and P.R. Norton and J.C. Thompson and B. Bloch-Devaux and P. Colas and H. Duarte and S. Emery and W. Kozanecki and E. Lançon and M.C. Lemaire and E. Locci and B. Marx and P. Perez and J. Rander and J.-F. Renardy and A. Rosowsky and A. Roussarie and J.-P. Schuller and J. Schwindling and D. {Si Mohand} and B. Vallage and R.P. Johnson and A.M. Litke and G. Taylor and J. Wear and J.G. Ashman and W. Babbage and C.N. Booth and C. Buttar and S. Cartwright and F. Combley and I. Dawson and L.F. Thompson and E. Barberio and A. Böhrer and S. Brandt and G. Cowan and C. Grupen and G. Lutters and F. Rivera and U. Schäfer and L. Smolik and L. Bosisio and R. {Della Marina} and G. Giannini and B. Gobbo and F. Ragusa and L. Bellantoni and W. Chen and J.S. Conway and Z. Feng and D.P.S. Ferguson and Y.S. Gao and J. Grahl and J.L. Harton and O.J. Hayes and J.M. Nachtman and Y.B. Pan and Y. Saadi and M. Schmitt and I. Scott and V. Sharma and Z.H. Shi and J.D. Turk and A.M. Walsh and F.V. Weber and  {Sau Lan Wu} and M. Zheng and G. Zobernig},
}
@article{PhysRevLett.97.242003,
  title = {Observation of ${B}_{s}^{0}\ensuremath{-}{\overline{B}}_{s}^{0}$ Oscillations},
  author = {Abulencia, A. and Adelman, J. and Affolder, T. and Akimoto, T. and Albrow, M. G. and Ambrose, D. and Amerio, S. and Amidei, D. and Anastassov, A. and Anikeev, K. and Annovi, A. and Antos, J. and Aoki, M. and Apollinari, G. and Arguin, J.-F. and Arisawa, T. and Artikov, A. and Ashmanskas, W. and Attal, A. and Azfar, F. and Azzi-Bacchetta, P. and Azzurri, P. and Bacchetta, N. and Badgett, W. and Barbaro-Galtieri, A. and Barnes, V. E. and Barnett, B. A. and Baroiant, S. and Bartsch, V. and Bauer, G. and Bedeschi, F. and Behari, S. and Belforte, S. and Bellettini, G. and Bellinger, J. and Belloni, A. and Benjamin, D. and Beretvas, A. and Beringer, J. and Berry, T. and Bhatti, A. and Binkley, M. and Bisello, D. and Blair, R. E. and Blocker, C. and Blumenfeld, B. and Bocci, A. and Bodek, A. and Boisvert, V. and Bolla, G. and Bolshov, A. and Bortoletto, D. and Boudreau, J. and Boveia, A. and Brau, B. and Brigliadori, L. and Bromberg, C. and Brubaker, E. and Budagov, J. and Budd, H. S. and Budd, S. and Budroni, S. and Burkett, K. and Busetto, G. and Bussey, P. and Byrum, K. L. and Cabrera, S. and Campanelli, M. and Campbell, M. and Canelli, F. and Canepa, A. and Carrillo, S. and Carlsmith, D. and Carosi, R. and Carron, S. and Casal, B. and Casarsa, M. and Castro, A. and Catastini, P. and Cauz, D. and Cavalli-Sforza, M. and Cerri, A. and Cerrito, L. and Chang, S. H. and Chen, Y. C. and Chertok, M. and Chiarelli, G. and Chlachidze, G. and Chlebana, F. and Cho, I. and Cho, K. and Chokheli, D. and Chou, J. P. and Choudalakis, G. and Chuang, S. H. and Chung, K. and Chung, W. H. and Chung, Y. S. and Ciljak, M. and Ciobanu, C. I. and Ciocci, M. A. and Clark, A. and Clark, D. and Coca, M. and Compostella, G. and Convery, M. E. and Conway, J. and Cooper, B. and Copic, K. and Cordelli, M. and Cortiana, G. and Crescioli, F. and Almenar, C. Cuenca and Cuevas, J. and Culbertson, R. and Cully, J. C. and Cyr, D. and DaRonco, S. and D'Auria, S. and Davies, T. and D'Onofrio, M. and Dagenhart, D. and de Barbaro, P. and Cecco, S. De and Deisher, A. and Lentdecker, G. De and Dell'Orso, M. and Paoli, F. Delli and Demortier, L. and Deng, J. and Deninno, M. and Pedis, D. De and Derwent, P. F. and Giovanni, G. P. Di and Dionisi, C. and Ruzza, B. Di and Dittmann, J. R. and DiTuro, P. and D\"orr, C. and Donati, S. and Donega, M. and Dong, P. and Donini, J. and Dorigo, T. and Dube, S. and Efron, J. and Erbacher, R. and Errede, D. and Errede, S. and Eusebi, R. and Fang, H. C. and Farrington, S. and Fedorko, I. and Fedorko, W. T. and Feild, R. G. and Feindt, M. and Fernandez, J. P. and Field, R. and Flanagan, G. and Foland, A. and Forrester, S. and Foster, G. W. and Franklin, M. and Freeman, J. C. and Frisch, H. J. and Furic, I. and Gallinaro, M. and Galyardt, J. and Garcia, J. E. and Garberson, F. and Garfinkel, A. F. and Gay, C. and Gerberich, H. and Gerdes, D. and Giagu, S. and Giannetti, P. and Gibson, A. and Gibson, K. and Gimmell, J. L. and Ginsburg, C. and Giokaris, N. and Giordani, M. and Giromini, P. and Giunta, M. and Giurgiu, G. and Glagolev, V. and Glenzinski, D. and Gold, M. and Goldschmidt, N. and Goldstein, J. and Gomez, G. and Gomez-Ceballos, G. and Goncharov, M. and Gonz\'alez, O. and Gorelov, I. and Goshaw, A. T. and Goulianos, K. and Gresele, A. and Griffiths, M. and Grinstein, S. and Grosso-Pilcher, C. and Group, R. C. and Grundler, U. and da Costa, J. Guimaraes and Gunay-Unalan, Z. and Haber, C. and Hahn, K. and Hahn, S. R. and Halkiadakis, E. and Hamilton, A. and Han, B.-Y. and Han, J. Y. and Handler, R. and Happacher, F. and Hara, K. and Hare, M. and Harper, S. and Harr, R. F. and Harris, R. M. and Hartz, M. and Hatakeyama, K. and Hauser, J. and Heijboer, A. and Heinemann, B. and Heinrich, J. and Henderson, C. and Herndon, M. and Heuser, J. and Hidas, D. and Hill, C. S. and Hirschbuehl, D. and Hocker, A. and Holloway, A. and Hou, S. and Houlden, M. and Hsu, S.-C. and Huffman, B. T. and Hughes, R. E. and Husemann, U. and Huston, J. and Incandela, J. and Introzzi, G. and Iori, M. and Ishizawa, Y. and Ivanov, A. and Iyutin, B. and James, E. and Jang, D. and Jayatilaka, B. and Jeans, D. and Jensen, H. and Jeon, E. J. and Jindariani, S. and Jones, M. and Joo, K. K. and Jun, S. Y. and Jung, J. E. and Junk, T. R. and Kamon, T. and Karchin, P. E. and Kato, Y. and Kemp, Y. and Kephart, R. and Kerzel, U. and Khotilovich, V. and Kilminster, B. and Kim, D. H. and Kim, H. S. and Kim, J. E. and Kim, M. J. and Kim, S. B. and Kim, S. H. and Kim, Y. K. and Kimura, N. and Kirsch, L. and Klimenko, S. and Klute, M. and Knuteson, B. and Ko, B. R. and Kondo, K. and Kong, D. J. and Konigsberg, J. and Korytov, A. and Kotwal, A. V. and Kovalev, A. and Kraan, A. C. and Kraus, J. and Kravchenko, I. and Kreps, M. and Kroll, J. and Krumnack, N. and Kruse, M. and Krutelyov, V. and Kubo, T. and Kuhlmann, S. E. and Kuhr, T. and Kusakabe, Y. and Kwang, S. and Laasanen, A. T. and Lai, S. and Lami, S. and Lammel, S. and Lancaster, M. and Lander, R. L. and Lannon, K. and Lath, A. and Latino, G. and Lazzizzera, I. and LeCompte, T. and Lee, J. and Lee, J. and Lee, Y. J. and Lee, S. W. and Lef\`evre, R. and Leonardo, N. and Leone, S. and Levy, S. and Lewis, J. D. and Lin, C. and Lin, C. S. and Lindgren, M. and Lipeles, E. and Liss, T. M. and Lister, A. and Litvintsev, D. O. and Liu, T. and Lockyer, N. S. and Loginov, A. and Loreti, M. and Loverre, P. and Lu, R.-S. and Lucchesi, D. and Lujan, P. and Lukens, P. and Lungu, G. and Lyons, L. and Lys, J. and Lysak, R. and Lytken, E. and Mack, P. and MacQueen, D. and Madrak, R. and Maeshima, K. and Makhoul, K. and Maki, T. and Maksimovic, P. and Malde, S. and Manca, G. and Margaroli, F. and Marginean, R. and Marino, C. and Marino, C. P. and Martin, A. and Martin, M. and Martin, V. and Mart\'{\i}nez, M. and Maruyama, T. and Mastrandrea, P. and Masubuchi, T. and Matsunaga, H. and Mattson, M. E. and Mazini, R. and Mazzanti, P. and McFarland, K. S. and McIntyre, P. and McNulty, R. and Mehta, A. and Mehtala, P. and Menzemer, S. and Menzione, A. and Merkel, P. and Mesropian, C. and Messina, A. and Miao, T. and Miladinovic, N. and Miles, J. and Miller, R. and Mills, C. and Milnik, M. and Mitra, A. and Mitselmakher, G. and Miyamoto, A. and Moed, S. and Moggi, N. and Mohr, B. and Moore, R. and Morello, M. and Fernandez, P. Movilla and M\"ulmenst\"adt, J. and Mukherjee, A. and Muller, Th. and Mumford, R. and Murat, P. and Nachtman, J. and Nagano, A. and Naganoma, J. and Nahn, S. and Nakano, I. and Napier, A. and Necula, V. and Neu, C. and Neubauer, M. S. and Nielsen, J. and Nigmanov, T. and Nodulman, L. and Norniella, O. and Nurse, E. and Oh, S. H. and Oh, Y. D. and Oksuzian, I. and Okusawa, T. and Oldeman, R. and Orava, R. and Osterberg, K. and Pagliarone, C. and Palencia, E. and Papadimitriou, V. and Paramonov, A. A. and Parks, B. and Pashapour, S. and Patrick, J. and Pauletta, G. and Paulini, M. and Paus, C. and Pellett, D. E. and Penzo, A. and Phillips, T. J. and Piacentino, G. and Piedra, J. and Pinera, L. and Pitts, K. and Plager, C. and Pondrom, L. and Portell, X. and Poukhov, O. and Pounder, N. and Prokoshin, F. and Pronko, A. and Proudfoot, J. and Ptochos, F. and Punzi, G. and Pursley, J. and Rademacker, J. and Rahaman, A. and Ranjan, N. and Rappoccio, S. and Reisert, B. and Rekovic, V. and Renton, P. and Rescigno, M. and Richter, S. and Rimondi, F. and Ristori, L. and Robson, A. and Rodrigo, T. and Rogers, E. and Rolli, S. and Roser, R. and Rossi, M. and Rossin, R. and Ruiz, A. and Russ, J. and Rusu, V. and Saarikko, H. and Sabik, S. and Safonov, A. and Sakumoto, W. K. and Salamanna, G. and Salt\'o, O. and Saltzberg, D. and S\'anchez, C. and Santi, L. and Sarkar, S. and Sartori, L. and Sato, K. and Savard, P. and Savoy-Navarro, A. and Scheidle, T. and Schlabach, P. and Schmidt, E. E. and Schmidt, M. P. and Schmitt, M. and Schwarz, T. and Scodellaro, L. and Scott, A. L. and Scribano, A. and Scuri, F. and Sedov, A. and Seidel, S. and Seiya, Y. and Semenov, A. and Sexton-Kennedy, L. and Sfyrla, A. and Shapiro, M. D. and Shears, T. and Shepard, P. F. and Sherman, D. and Shimojima, M. and Shochet, M. and Shon, Y. and Shreyber, I. and Sidoti, A. and Sinervo, P. and Sisakyan, A. and Sjolin, J. and Slaughter, A. J. and Slaunwhite, J. and Sliwa, K. and Smith, J. R. and Snider, F. D. and Snihur, R. and Soderberg, M. and Soha, A. and Somalwar, S. and Sorin, V. and Spalding, J. and Spinella, F. and Spreitzer, T. and Squillacioti, P. and Stanitzki, M. and Staveris-Polykalas, A. and Denis, R. St. and Stelzer, B. and Stelzer-Chilton, O. and Stentz, D. and Strologas, J. and Stuart, D. and Suh, J. S. and Sukhanov, A. and Sun, H. and Suzuki, T. and Taffard, A. and Takashima, R. and Takeuchi, Y. and Takikawa, K. and Tanaka, M. and Tanaka, R. and Tecchio, M. and Teng, P. K. and Terashi, K. and Thom, J. and Thompson, A. S. and Thomson, E. and Tipton, P. and Tiwari, V. and Tkaczyk, S. and Toback, D. and Tokar, S. and Tollefson, K. and Tomura, T. and Tonelli, D. and Torre, S. and Torretta, D. and Tourneur, S. and Trischuk, W. and Tsuchiya, R. and Tsuno, S. and Turini, N. and Ukegawa, F. and Unverhau, T. and Uozumi, S. and Usynin, D. and Vallecorsa, S. and van Remortel, N. and Varganov, A. and Vataga, E. and V\'azquez, F. and Velev, G. and Veramendi, G. and Veszpremi, V. and Vidal, R. and Vila, I. and Vilar, R. and Vine, T. and Vollrath, I. and Volobouev, I. and Volpi, G. and W\"urthwein, F. and Wagner, P. and Wagner, R. G. and Wagner, R. L. and Wagner, J. and Wagner, W. and Wallny, R. and Wang, S. M. and Warburton, A. and Waschke, S. and Waters, D. and Weinberger, M. and Wester, W. C. and Whitehouse, B. and Whiteson, D. and Wicklund, A. B. and Wicklund, E. and Williams, G. and Williams, H. H. and Wilson, P. and Winer, B. L. and Wittich, P. and Wolbers, S. and Wolfe, C. and Wright, T. and Wu, X. and Wynne, S. M. and Yagil, A. and Yamamoto, K. and Yamaoka, J. and Yamashita, T. and Yang, C. and Yang, U. K. and Yang, Y. C. and Yao, W. M. and Yeh, G. P. and Yoh, J. and Yorita, K. and Yoshida, T. and Yu, G. B. and Yu, I. and Yu, S. S. and Yun, J. C. and Zanello, L. and Zanetti, A. and Zaw, I. and Zhang, X. and Zhou, J. and Zucchelli, S.},
  collaboration = {CDF Collaboration},
  journal = {Phys. Rev. Lett.},
  volume = {97},
  issue = {24},
  pages = {242003},
  numpages = {8},
  year = {2006},
  month = {Dec},
  publisher = {American Physical Society},
  doi = {10.1103/PhysRevLett.97.242003},
  url = {https://link.aps.org/doi/10.1103/PhysRevLett.97.242003}
}
@article{PhysRevLett.97.062003,
  title = {Measurement of the ${B}_{s}^{0}\mathrm{\text{\ensuremath{-}}}{\overline{B}}_{s}^{0}$ Oscillation Frequency},
  author = {Abulencia, A. and Acosta, D. and Adelman, J. and Affolder, T. and Akimoto, T. and Albrow, M. G. and Ambrose, D. and Amerio, S. and Amidei, D. and Anastassov, A. and Anikeev, K. and Annovi, A. and Antos, J. and Aoki, M. and Apollinari, G. and Arguin, J.-F. and Arisawa, T. and Artikov, A. and Ashmanskas, W. and Attal, A. and Azfar, F. and Azzi-Bacchetta, P. and Azzurri, P. and Bacchetta, N. and Bachacou, H. and Badgett, W. and Barbaro-Galtieri, A. and Barnes, V. E. and Barnett, B. A. and Baroiant, S. and Bartsch, V. and Bauer, G. and Bedeschi, F. and Behari, S. and Belforte, S. and Bellettini, G. and Bellinger, J. and Belloni, A. and Ben Haim, E. and Benjamin, D. and Beretvas, A. and Beringer, J. and Berry, T. and Bhatti, A. and Binkley, M. and Bisello, D. and Blair, R. E. and Blocker, C. and Blumenfeld, B. and Bocci, A. and Bodek, A. and Boisvert, V. and Bolla, G. and Bolshov, A. and Bortoletto, D. and Boudreau, J. and Boveia, A. and Brau, B. and Bromberg, C. and Brubaker, E. and Budagov, J. and Budd, H. S. and Budd, S. and Burkett, K. and Busetto, G. and Bussey, P. and Byrum, K. L. and Cabrera, S. and Campanelli, M. and Campbell, M. and Canelli, F. and Canepa, A. and Carlsmith, D. and Carosi, R. and Carron, S. and Casal, B. and Casarsa, M. and Castro, A. and Catastini, P. and Cauz, D. and Cavalli-Sforza, M. and Cerri, A. and Cerrito, L. and Chang, S. H. and Chapman, J. and Chen, Y. C. and Chertok, M. and Chiarelli, G. and Chlachidze, G. and Chlebana, F. and Cho, I. and Cho, K. and Chokheli, D. and Chou, J. P. and Chu, P. H. and Chuang, S. H. and Chung, K. and Chung, W. H. and Chung, Y. S. and Ciljak, M. and Ciobanu, C. I. and Ciocci, M. A. and Clark, A. and Clark, D. and Coca, M. and Compostella, G. and Convery, M. E. and Conway, J. and Cooper, B. and Copic, K. and Cordelli, M. and Cortiana, G. and Crescioli, F. and Cruz, A. and Cuenca Almenar, C. and Cuevas, J. and Culbertson, R. and Cyr, D. and DaRonco, S. and D'Auria, S. and D'Onofrio, M. and Dagenhart, D. and de Barbaro, P. and De Cecco, S. and Deisher, A. and De Lentdecker, G. and Dell'Orso, M. and Delli Paoli, F. and Demers, S. and Demortier, L. and Deng, J. and Deninno, M. and De Pedis, D. and Derwent, P. F. and Di Giovanni, G. P. and Di Ruzza, B. and Dionisi, C. and Dittmann, J. R. and DiTuro, P. and D\"orr, C. and Donati, S. and Donega, M. and Dong, P. and Donini, J. and Dorigo, T. and Dube, S. and Ebina, K. and Efron, J. and Ehlers, J. and Erbacher, R. and Errede, D. and Errede, S. and Eusebi, R. and Fang, H. C. and Farrington, S. and Fedorko, I. and Fedorko, W. T. and Feild, R. G. and Feindt, M. and Fernandez, J. P. and Field, R. and Flanagan, G. and Flores-Castillo, L. R. and Foland, A. and Forrester, S. and Foster, G. W. and Franklin, M. and Freeman, J. C. and Frisch, H. J. and Furic, I. and Gallinaro, M. and Galyardt, J. and Garcia, J. E. and Garcia Sciveres, M. and Garfinkel, A. F. and Gay, C. and Gerberich, H. and Gerdes, D. and Giagu, S. and Giannetti, P. and Gibson, A. and Gibson, K. and Ginsburg, C. and Giokaris, N. and Giolo, K. and Giordani, M. and Giromini, P. and Giunta, M. and Giurgiu, G. and Glagolev, V. and Glenzinski, D. and Gold, M. and Goldschmidt, N. and Goldstein, J. and Gomez, G. and Gomez-Ceballos, G. and Goncharov, M. and Gonz\'alez, O. and Gorelov, I. and Goshaw, A. T. and Gotra, Y. and Goulianos, K. and Gresele, A. and Griffiths, M. and Grinstein, S. and Grosso-Pilcher, C. and Group, R. C. and Grundler, U. and Guimaraes da Costa, J. and Gunay-Unalan, Z. and Haber, C. and Hahn, S. R. and Hahn, K. and Halkiadakis, E. and Hamilton, A. and Han, B.-Y. and Han, J. Y. and Handler, R. and Happacher, F. and Hara, K. and Hare, M. and Harper, S. and Harr, R. F. and Harris, R. M. and Hatakeyama, K. and Hauser, J. and Hays, C. and Heijboer, A. and Heinemann, B. and Heinrich, J. and Herndon, M. and Hidas, D. and Hill, C. S. and Hirschbuehl, D. and Hocker, A. and Holloway, A. and Hou, S. and Houlden, M. and Hsu, S.-C. and Huffman, B. T. and Hughes, R. E. and Huston, J. and Incandela, J. and Introzzi, G. and Iori, M. and Ishizawa, Y. and Ivanov, A. and Iyutin, B. and James, E. and Jang, D. and Jayatilaka, B. and Jeans, D. and Jensen, H. and Jeon, E. J. and Jindariani, S. and Jones, M. and Joo, K. K. and Jun, S. Y. and Junk, T. R. and Kamon, T. and Kang, J. and Karchin, P. E. and Kato, Y. and Kemp, Y. and Kephart, R. and Kerzel, U. and Khotilovich, V. and Kilminster, B. and Kim, D. H. and Kim, H. S. and Kim, J. E. and Kim, M. J. and Kim, S. B. and Kim, S. H. and Kim, Y. K. and Kirsch, L. and Klimenko, S. and Klute, M. and Knuteson, B. and Ko, B. R. and Kobayashi, H. and Kondo, K. and Kong, D. J. and Konigsberg, J. and Korytov, A. and Kotwal, A. V. and Kovalev, A. and Kraan, A. and Kraus, J. and Kravchenko, I. and Kreps, M. and Kroll, J. and Krumnack, N. and Kruse, M. and Krutelyov, V. and Kuhlmann, S. E. and Kusakabe, Y. and Kwang, S. and Laasanen, A. T. and Lai, S. and Lami, S. and Lammel, S. and Lancaster, M. and Lander, R. L. and Lannon, K. and Lath, A. and Latino, G. and Lazzizzera, I. and LeCompte, T. and Lee, J. and Lee, J. and Lee, Y. J. and Lee, S. W. and Lef\`evre, R. and Leonardo, N. and Leone, S. and Levy, S. and Lewis, J. D. and Lin, C. and Lin, C. S. and Lindgren, M. and Lipeles, E. and Liss, T. M. and Lister, A. and Litvintsev, D. O. and Liu, T. and Lockyer, N. S. and Loginov, A. and Loreti, M. and Loverre, P. and Lu, R.-S. and Lucchesi, D. and Lujan, P. and Lukens, P. and Lungu, G. and Lyons, L. and Lys, J. and Lysak, R. and Lytken, E. and Mack, P. and MacQueen, D. and Madrak, R. and Maeshima, K. and Maki, T. and Maksimovic, P. and Malde, S. and Manca, G. and Margaroli, F. and Marginean, R. and Marino, C. and Martin, A. and Martin, V. and Mart\'{\i}nez, M. and Maruyama, T. and Mastrandrea, P. and Matsunaga, H. and Mattson, M. E. and Mazini, R. and Mazzanti, P. and McFarland, K. S. and McIntyre, P. and McNulty, R. and Mehta, A. and Menzemer, S. and Menzione, A. and Merkel, P. and Mesropian, C. and Messina, A. and von der Mey, M. and Miao, T. and Miladinovic, N. and Miles, J. and Miller, R. and Miller, J. S. and Mills, C. and Milnik, M. and Miquel, R. and Mitra, A. and Mitselmakher, G. and Miyamoto, A. and Moggi, N. and Mohr, B. and Moore, R. and Morello, M. and Movilla Fernandez, P. and M\"ulmenst\"adt, J. and Mukherjee, A. and Muller, Th. and Mumford, R. and Murat, P. and Nachtman, J. and Naganoma, J. and Nahn, S. and Nakano, I. and Napier, A. and Naumov, D. and Necula, V. and Neu, C. and Neubauer, M. S. and Nielsen, J. and Nigmanov, T. and Nodulman, L. and Norniella, O. and Nurse, E. and Ogawa, T. and Oh, S. H. and Oh, Y. D. and Okusawa, T. and Oldeman, R. and Orava, R. and Osterberg, K. and Pagliarone, C. and Palencia, E. and Paoletti, R. and Papadimitriou, V. and Paramonov, A. A. and Parks, B. and Pashapour, S. and Patrick, J. and Pauletta, G. and Paulini, M. and Paus, C. and Pellett, D. E. and Penzo, A. and Phillips, T. J. and Piacentino, G. and Piedra, J. and Pinera, L. and Pitts, K. and Plager, C. and Pondrom, L. and Portell, X. and Poukhov, O. and Pounder, N. and Prakoshyn, F. and Pronko, A. and Proudfoot, J. and Ptohos, F. and Punzi, G. and Pursley, J. and Rademacker, J. and Rahaman, A. and Rakitin, A. and Rappoccio, S. and Ratnikov, F. and Reisert, B. and Rekovic, V. and van Remortel, N. and Renton, P. and Rescigno, M. and Richter, S. and Rimondi, F. and Ristori, L. and Robertson, W. J. and Robson, A. and Rodrigo, T. and Rogers, E. and Rolli, S. and Roser, R. and Rossi, M. and Rossin, R. and Rott, C. and Ruiz, A. and Russ, J. and Rusu, V. and Saarikko, H. and Sabik, S. and Safonov, A. and Sakumoto, W. K. and Salamanna, G. and Salt\'o, O. and Saltzberg, D. and Sanchez, C. and Santi, L. and Sarkar, S. and Sartori, L. and Sato, K. and Savard, P. and Savoy-Navarro, A. and Scheidle, T. and Schlabach, P. and Schmidt, E. E. and Schmidt, M. P. and Schmitt, M. and Schwarz, T. and Scodellaro, L. and Scott, A. L. and Scribano, A. and Scuri, F. and Sedov, A. and Seidel, S. and Seiya, Y. and Semenov, A. and Sexton-Kennedy, L. and Sfiligoi, I. and Shapiro, M. D. and Shears, T. and Shepard, P. F. and Sherman, D. and Shimojima, M. and Shochet, M. and Shon, Y. and Shreyber, I. and Sidoti, A. and Sinervo, P. and Sisakyan, A. and Sjolin, J. and Skiba, A. and Slaughter, A. J. and Sliwa, K. and Smith, J. R. and Snider, F. D. and Snihur, R. and Soderberg, M. and Soha, A. and Somalwar, S. and Sorin, V. and Spalding, J. and Spezziga, M. and Spinella, F. and Spreitzer, T. and Squillacioti, P. and Stanitzki, M. and Staveris-Polykalas, A. and St. Denis, R. and Stelzer, B. and Stelzer-Chilton, O. and Stentz, D. and Strologas, J. and Stuart, D. and Suh, J. S. and Sukhanov, A. and Sumorok, K. and Sun, H. and Suzuki, T. and Taffard, A. and Takashima, R. and Takeuchi, Y. and Takikawa, K. and Tanaka, M. and Tanaka, R. and Tanimoto, N. and Tecchio, M. and Teng, P. K. and Terashi, K. and Tether, S. and Thom, J. and Thompson, A. S. and Thomson, E. and Tipton, P. and Tiwari, V. and Tkaczyk, S. and Toback, D. and Tokar, S. and Tollefson, K. and Tomura, T. and Tonelli, D. and T\"onnesmann, M. and Torre, S. and Torretta, D. and Tourneur, S. and Trischuk, W. and Tsuchiya, R. and Tsuno, S. and Turini, N. and Ukegawa, F. and Unverhau, T. and Uozumi, S. and Usynin, D. and Vaiciulis, A. and Vallecorsa, S. and Varganov, A. and Vataga, E. and Velev, G. and Veramendi, G. and Veszpremi, V. and Vidal, R. and Vila, I. and Vilar, R. and Vine, T. and Vollrath, I. and Volobouev, I. and Volpi, G. and W\"urthwein, F. and Wagner, P. and Wagner, R. G. and Wagner, R. L. and Wagner, W. and Wallny, R. and Walter, T. and Wan, Z. and Wang, S. M. and Warburton, A. and Waschke, S. and Waters, D. and Wester, W. C. and Whitehouse, B. and Whiteson, D. and Wicklund, A. B. and Wicklund, E. and Williams, G. and Williams, H. H. and Wilson, P. and Winer, B. L. and Wittich, P. and Wolbers, S. and Wolfe, C. and Wright, T. and Wu, X. and Wynne, S. M. and Yagil, A. and Yamamoto, K. and Yamaoka, J. and Yamashita, T. and Yang, C. and Yang, U. K. and Yang, Y. C. and Yao, W. M. and Yeh, G. P. and Yoh, J. and Yorita, K. and Yoshida, T. and Yu, G. B. and Yu, I. and Yu, S. S. and Yun, J. C. and Zanello, L. and Zanetti, A. and Zaw, I. and Zetti, F. and Zhang, X. and Zhou, J. and Zucchelli, S.},
  collaboration = {CDF Collaboration},
  journal = {Phys. Rev. Lett.},
  volume = {97},
  issue = {6},
  pages = {062003},
  numpages = {7},
  year = {2006},
  month = {Aug},
  publisher = {American Physical Society},
  doi = {10.1103/PhysRevLett.97.062003},
  url = {https://link.aps.org/doi/10.1103/PhysRevLett.97.062003}
}
@article{LHCb2,
    title = {Precise determination of the  ${B}_{s}^{0}\mathrm{\text{\ensuremath{-}}}{\overline{B}}_{s}^{0}$ oscillation frequency},
    year = {2022},
    doi = {https://doi.org/10.1038/s41567-021-01394-x},
    author = {Aaij, R et al.},
    journal = {Nature Physics},
    collaboration = {LHCb},
    volume = {18},
    pages = {1-5}
}
@article{LHCb1,
    title = {A precise measurement of the ${B}_{s}^{0}$ meson oscillation frequency},
    author = {Aaij, R et al.},
    year = {2016},
    journal = {The European Physical Journal C},
    collaboration = {LHCb},
    volume = {76},
    page = {416},
    doi = {https://doi.org/10.1140/epjc/s10052-016-4250-2},
}
@article{Workman:2022ynf,
    author = "Workman, R. L. and Others",
    collaboration = "Particle Data Group",
    title = "{Review of Particle Physics}",
    doi = "10.1093/ptep/ptac097",
    journal = "PTEP",
    volume = "2022",
    pages = "083C01",
    year = "2022"
}